@article{boileauNonparametricFrameworkTreatment2025,
  title = {A Nonparametric Framework for Treatment Effect Modifier Discovery in High Dimensions},
  author = {Boileau, Philippe and Leng, Ning and Hejazi, Nima S and {van der Laan}, Mark and Dudoit, Sandrine},
  year = {2025},
  month = feb,
  journal = {Journal of the Royal Statistical Society Series B: Statistical Methodology},
  volume = {87},
  number = {1},
  pages = {157--185},
  issn = {1369-7412},
  doi = {10.1093/jrsssb/qkae084}
}
